@book{deep_learning_book,
    title={Deep Learning},
    author={Ian Goodfellow and Yoshua Bengio and Aaron Courville},
    publisher={MIT Press},
    url={http://www.deeplearningbook.org},
    year={2016},
    note={\url{http://www.deeplearningbook.org}}
}
